@book{suttonbarto,
author = {Sutton, Richard S. and Barto, Andrew G.},
title = {Introduction to Reinforcement Learning},
year = {1998},
isbn = {0262193981},
edition = {1st},
publisher = {MIT Press},
address = {Cambridge, MA, USA},
} 

@article{a3c,
Author = {Mnih, V. and Puigdomenech Badia, A. and Mirza, M. and 
Graves, A. and Lillicrap, T.~P. and Harley, T. and Silver, D. and 
Kavukcuoglu, K.},
title = "{Asynchronous Methods for Deep Reinforcement Learning}",
journal = {ArXiv preprint arXiv:1602.01783},
year = {2016}
}

@article{turing1950computing,
added-at = {2012-06-19T15:53:23.000+0200},
author = {Turing, A. M.},
biburl = {https://www.bibsonomy.org/bibtex/2c6b8db241dec2cec3477ce771abebb8f/jaeschke},
copyright = {Copyright © 1950 Oxford University Press},
interhash = {3f7a151a4f79fe75b4bb148b41279a9b},
intrahash = {c6b8db241dec2cec3477ce771abebb8f},
issn = {00264423},
journal = {Mind},
jstor_articletype = {research-article},
jstor_formatteddate = {Oct., 1950},
keywords = {},
language = {English},
number = 236,
pages = {433--460},
publisher = {Oxford University Press on behalf of the Mind Association},
series = {New Series},
timestamp = {2012-06-19T15:53:23.000+0200},
title = {Computing Machinery and Intelligence},
url = {http://www.jstor.org/stable/2251299},
volume = 59,
year = 1950
}

@incollection{barto-cartpole,
author = {Barto, Andrew G. and Sutton, Richard S. and Anderson, Charles W.},
chapter = {Neuronlike Adaptive Elements That Can Solve Difficult Learning Control Problems},
title = {Artificial Neural Networks},
editor = {Diederich, Joachim},
year = {1990},
isbn = {0-8186-2015-3},
pages = {81--93},
numpages = {13},
url = {http://dl.acm.org/citation.cfm?id=104134.104143},
acmid = {104143},
publisher = {IEEE Press},
address = {Piscataway, NJ, USA},
} 





@book{ref1,
author = {Faisant autorité (si du moins ce n'est pas un ouvrage collectif)},
title = {Titre},
year = {année},
publisher= {Maison d'édition}
}

@book{ref2,
title = {Titre},
year = {année},
editor = "s'il s'agit d'un ouvrage collectif",
publisher= {Maison d'édition}
}

@article {ref4,
	author= 	 {le ou les auteurs},
	journal= 	 {nom de la publication},
	month= 	 {mois (si connu)},
	pages= 	 {de-à},
	title= 	 {référence 2},
	volume= 	 {n° du volume},
	number= 	 {si le volume est en plusieurs morceaux},
	year= 	 {année},
	url_pdf= 	 {si disponible},
}

@inproceedings{ref3,
    author = "le ou les auteurs",
    title = "Référence 3",
    booktitle = "Nom de la conférence",
    publisher = "Maison d'édition",
    pages = "de--à",
    year = "année"
   }

@BOOK{lamp,
  author =       "Leslie Lamport",
  title =        "{\LaTeX}: A Document Preparation System: User's
                 Guide and Reference Manual",
  publisher =    "Addison-Wesley",
  address =      "Reading, MA, USA",
  edition =      "Deuxième",
  year =         "1994",
  ISBN =         "0-201-52983-1",
  note =         "Réimpression corrigée en 1996.",
}

@Book{mittel,
  author =       "Frank Mittelbach and Michel Goossens and Johannes
                 Braams and David Carlisle and Chris Rowley and
                 Christine Detig and Joachim Schrod",
  title =        "{\LaTeX} Companion",
  publisher =    "Pearson",
  address =      "7bis, rue des Vinaigriers, 75010 Paris",
  edition =      "Deuxième",
  year =         "2005",
  ISBN =         "2-7440-7133-1",
  series =       "Education France",
}

@Misc{oetik,
  author = {Tobias Oetiker and Hubert Partl and Irene Hyna and Elisabeth Schlegl},
  title = {The Not So Short Introduction to {\LaTeX2e}},
  edition =      "Version 4.27",
  month = {13 décembre},
  year = {2009},
  note = {\url{http://tobi.oetiker.ch/lshort/lshort.pdf}},
}

@Misc{fiorio,
  author = {Christophe Fiorio},
  title = {Algorithm2e style package},
  note = {\url{http://www.lirmm.fr/~fiorio/miscellaneous/algorithm2e.html}, consulté le 8 février 2010},
}

